@MISC{mit,
	author = {Paul A. Lagace},
	title = {UNIFIED HANDOUT MATERIALS AND STRUCTURES},
	howpublished = "\url{http://web.mit.edu/16.unified/www/FALL/materials/documents/HO-M-6(Mohrs)(08).pdf}",
	year = {2007},
	note = "[Online; accessed 22-August-2015]"
}

@MISC{Hibbeler,
	author = {Hibbeler, R.C.},
	title = {Resistência dos Materiais},
	howpublished = {Quinta Edição, Pearson},
	year = {2004},
	note = "[pp  360 - 377]"
}

@MISC{bworld,
    author = {A. P. Santos, E. O. Schaden, P. G. Rubira, T. J. Silva},
    title = {O Círculo de Mohr},
    howpublished = "\url{http://www.fem.unicamp.br/~assump/Projetos/2010/g9.pdf}",
    year = {2010},
    note = "[Online; accessed 12-November-2015]"
}


@MISC{bworld,
    author = {Python Community},
    title = {TkInter},
    howpublished = "\url{https://wiki.python.org/moin/TkInter}",
    year = {2014},
    note = "[Online; accessed 12-November-2015]"
}

@MISC{bworld,
    author = {N. T. Mascia},
    title = {Teoria das Tensões},
    howpublished = "\url{http://www.fec.unicamp.br/~nilson/ApostilaTensao.pdf}",
    year = {2006},
    note = "[Online; accessed 12-November-2015]"
}
